%% This BibTeX bibliography file was created using BibDesk.
%% http://bibdesk.sourceforge.net/


%% Created for Liam Paull at 2015-03-04 14:53:31 -0500 


%% Saved with string encoding Unicode (UTF-8) 


@string{aaai = {AAAI Conf. on Artificial Intelligence}}

@string{ac = {{IEEE} Trans. on Automatic Control}}

@string{accv = {Asian Conf. on Computer Vision (ACCV)}}

@string{ar = {Autonomous Robots}}

@string{bmvc = {British Machine Vision Conf. (BMVC)}}

@string{brm = {Behavior Research Methods, Instruments, \& Computers}}

@string{cbdar = {Proc. of Camera-based Document Analysis and Recognition (CBDAR)}}

@string{cviu = {Computer Vision and Image Understanding}}

@string{cvpr = {Proc. {IEEE} Int. Conf. Computer Vision and Pattern Recognition (CVPR)}}

@string{drr = {Proc. of SPIE Document Recognition and Retrieval}}

@string{eccv = {Eur. Conf. on Computer Vision (ECCV)}}

@string{emav = {European Micro Aerial Vehicle Conference}}

@string{fsr = {Field and Service Robotics}}

@string{fusion = {Intl. Conf. on Information Fusion (FUSION)}}

@string{icar = {IEEE Intl. Conf. on Advanced Robotics (ICAR)}}

@string{iccv = {Intl. Conf. on Computer Vision (ICCV)}}

@string{icdar = {Proc. of the Intl. Conf. on Document Analysis and Recognition (ICDAR)}}

@string{icpr = {Intl. Conf. on Pattern Recognition (ICPR)}}

@string{icra = {IEEE Intl. Conf. on Robotics and Automation (ICRA)}}

@string{ieee = {Proc. of the IEEE}}

@string{ijcai = {Intl. Joint Conf. on Artificial Intelligence}}

@string{ijcv = {International Journal of Computer Vision}}

@string{ijrr = {Intl. J. of Robotics Research}}

@string{iros = {IEEE/RSJ Intl. Conf. on Intelligent Robots and Systems (IROS)}}

@string{iser = {Intl. Sym. on Experimental Robotics (ISER)}}

@string{ismar = {IEEE and ACM Intl. Sym. on Mixed and Augmented Reality (ISMAR)}}

@string{isrr = {Proc. of the Intl. Symp. of Robotics Research (ISRR)}}

@string{jbe = {{ASME} Journal of Basic Engineering}}

@string{jfr = {J. of Field Robotics}}

@string{joe = {Journal of Oceanic Engineering}}

@string{mit = {The MIT Press, Cambridge, MA}}

@string{mtsj = {Marine Technology Society Journal}}

@string{oceans = {Proceedings of the IEEE/MTS OCEANS Conference and Exhibition}}

@string{pami = {{IEEE} Trans. Pattern Anal. Machine Intell.}}

@string{ram = {{IEEE} Robotics Automation Magazine}}

@string{ras = {Journal of Robotics and Autonomous Systems}}

@string{rss = {Robotics: Science and Systems (RSS)}}

@string{siggraph = {SIGGRAPH}}

@string{tac = {{IEEE} Trans. on Automatic Control}}

@string{tra = {{IEEE} Trans. Robotics and Automation}}

@string{tro = {{IEEE} Trans. Robotics}}

@string{uust = {Proc. Int. Symp. on Unmanned Untethered Submersible Technology}}

@ONLINE{rqt-graph,
    Title = {{ROS} rqt\_graph},
    Url = {http://wiki.ros.org/rqt\_graph},
    Urldate = {2017-8-1},
}


%%%%%%%%%%%%%%%%%%%%%%%%%%%%%%%%%%%%%%%%%%%%%%%%%%%%%%%%%%%%%%%%%%%%%%%%%%%%%%%%%%%%%%%%%
%% Same order as feng_yu/reference.md 
%%%%%%%%%%%%%%%%%%%%%%%%%%%%%%%%%%%%%%%%%%%%%%%%%%%%%%%%%%%%%%%%%%%%%%%%%%%%%%%%%%%%%%%%%
@article{chavez2017learning,
  title={Learning Ground Traversability from Simulations},
  author={Chavez-Garcia, R Omar and Guzzi, Jerome and Gambardella, Luca M and Giusti, Alessandro},
  journal={arXiv preprint arXiv:1709.05368},
  year={2017}
}


@article{hewitt2017training,
  title={Training a terrain traversability classifier for a planetary rover through simulation},
  author={Hewitt, Robert A and Ellery, Alex and de Ruiter, Anton},
  journal={International Journal of Advanced Robotic Systems},
  volume={14},
  number={5},
  pages={1729881417735401},
  year={2017},
  publisher={SAGE Publications Sage UK: London, England}
}


@inproceedings{kim2007traversability,
  title={Traversability classification for ugv navigation: A comparison of patch and superpixel representations},
  author={Kim, Dongshin and Oh, Sang Min and Rehg, James M},
  booktitle={Intelligent Robots and Systems, 2007. IROS 2007. IEEE/RSJ International Conference on},
  pages={3166--3173},
  year={2007},
  organization={IEEE}
}

@inproceedings{zimmermann2014adaptive,
  title={Adaptive traversability of unknown complex terrain with obstacles for mobile robots},
  author={Zimmermann, Karel and Zuzanek, Petr and Reinstein, Michal and Hlavac, Vaclav},
  booktitle={Robotics and Automation (ICRA), 2014 IEEE International Conference on},
  pages={5177--5182},
  year={2014},
  organization={IEEE}
}


@inproceedings{kim2006traversability,
  title={Traversability classification using unsupervised on-line visual learning for outdoor robot navigation},
  author={Kim, Dongshin and Sun, Jie and Oh, Sang Min and Rehg, James M and Bobick, Aaron F},
  booktitle={Robotics and Automation, 2006. ICRA 2006. Proceedings 2006 IEEE International Conference on},
  pages={518--525},
  year={2006},
  organization={IEEE}
}


@inproceedings{dupont2008terrain,
  title={Terrain classification for mobile robots traveling at various speeds: An eigenspace manifold approach},
  author={DuPont, Edmond M and Moore, Carl A and Roberts, Rodney G},
  booktitle={Robotics and Automation, 2008. ICRA 2008. IEEE International Conference on},
  pages={3284--3289},
  year={2008},
  organization={IEEE}
}

@inproceedings{wermelinger2016navigation,
  title={Navigation planning for legged robots in challenging terrain},
  author={Wermelinger, Martin and Fankhauser, P{\'e}ter and Diethelm, Remo and Kr{\"u}si, Philipp and Siegwart, Roland and Hutter, Marco},
  booktitle={Intelligent Robots and Systems (IROS), 2016 IEEE/RSJ International Conference on},
  pages={1184--1189},
  year={2016},
  organization={IEEE}
}

@inproceedings{chilian2009stereo,
  title={Stereo camera based navigation of mobile robots on rough terrain},
  author={Chilian, Annett and Hirschm{\"u}ller, Heiko},
  booktitle={Intelligent Robots and Systems, 2009. IROS 2009. IEEE/RSJ International Conference on},
  pages={4571--4576},
  year={2009},
  organization={IEEE}
}

@article{JiatongBao2012,
  title={Combining Vision Learningand Interaction for Mobile Robot Path Planning},
  author={Jiatong Bao, Hongru Tang, Aiguo Song},
  journal={International Journal of Advanced Robotic Systems},
  year={2012}
}




